% This file was created with Citavi 6.0.0.2

@article{Antonutto.1995,
 author = {Antonutto, G. and Di Prampero, P. E.},
 year = {1995},
 title = {The concept of lactate threshold. A short review},
 pages = {6--12},
 volume = {35},
 number = {1},
 journal = {The Journal of sports medicine and physical fitness}
}

@book{Loellgen.2010,
author = {Löllgen, H. and Erdmann, E. and Gitt, A.},
year = {2010},
title = {Ergometrie - Belastungsuntersuchungen in Klinik und Praxis},
address = {Heidelberg},
publisher = {Springer Medizin Verlag}
}

@article{Kindermann.2004,
 author = {Kindermann, W.},
 year = {2004},
 title = {Anaerobe Schwelle},
 pages = {161--162},
 volume = {55},
 number = {6},
 journal = {Deutsche Zeitschrift f{\"u}r Sportmedizin}
}


@book{Kroidl.2015,
 author = {Kroidl, R. F. and Schwarz, S. and Lehnigk, B. and Fritsch, J.},
 year = {2015},
 title = {Kursbuch Spiroergometrie - Technik und Befundung verst{\"a}ndlich gemacht},
 address = {Stuttgart},
 publisher = {{Georg Thieme Verlag}},
 pages = {60 ff., 83--89, 133 ff., 140--146, 331 ff., 501 ff.}
}

@book{Larsen.2017,
author = {Larsen, R. and Ziegenfuß, T. and Mathes, A.},
year = {2017},
title = {Beatmung: Indikationen - Techniken - Krankheitsbilder},
address = {Heidelberg},
publisher = {Springer Verlag}
}

@article{Leti.2012,
 author = {Leti, T. and Mendelson, M. and Laplaud, D. and Flore, P.},
 year = {2012},
 title = {Prediction of maximal lactate steady state in runners with an incremental test on the field},
 pages = {609--616},
 volume = {30},
 number = {6},
 journal = {Journal of Sports Sciences},
}

@article{Midgley.2008,
 author = {Midgley, A. W. and Bentley, D. J. and Luttikholt, H. and McNaughton, L. R. and Millet, G. P.},
 year = {2008},
 title = {Challenging a Dogma of Exercise Physiology},
 pages = {441--447},
 volume = {38},
 number = {6},
 journal = {Sports Medicine},
}

@article{ScharhagRosenberger.2010,
 author = {Scharhag-Rosenberger, F.},
 year = {2010},
 title = {Spiroergometrie in der Ausdauerleistungsdiagnostik},
 pages = {146--147},
 volume = {61},
 number = {6},
 journal = {Deutsche Zeitschrift f{\"u}r Sportmedizin}
}


@article{ScharhagRosenberger.2013,
 author = {Scharhag-Rosenberger, F. and Schommer, K.},
 year = {2013},
 title = {Die Spiroergometrie in der Sportmedizin},
 volume = {64},
 number = {12},
 journal = {Deutsche Zeitschrift f{\"u}r Sportmedizin},
 pages = {362--365},
}


@article{Tzvetkov.2008,
 author = {Tzvetkov, S. and Bonov, P. and Dasheva, D.},
 year = {2008},
 title = {Problems in determination of the ventilatory threshold based on the respiratory exchange ratio in high-level athletes},
 pages = {115--123},
 volume = {6},
 number = {2},
 journal = {Facta universitatis - series: Physical Education and Sport}
}


@article{Wasserman.1973,
 author = {Wasserman, K. and Whipp, B. J. and Koyl, S. N. and Beaver, W. L.},
 year = {1973},
 title = {Anaerobic threshold and respiratory gas exchange during exercise},
 pages = {236--243},
 volume = {35},
 number = {2},
 journal = {Journal of Applied Physiology},
}


@misc{Westhoff.2012,
 year = {2012},
 title = {Positionspapier der AG-Spiroergometrie zu ventilatorischen und Laktatschwellen},
 author = {Westhoff, M. and Lehnigk, B. and R{\"u}hle, K.-H. and Greiwing, A. and Schomaker, R. and Eschenbacher, H. and Siepmann, M.},
 url = {https://www.mesics.de/fileadmin/user/literature/Spiroergometrie/},
 note= {zuletzt abgerufen am 25.04.2018}
}

@misc{Ruehle.2012,
	year = {2012},
	title = {Plausibilitätsprüfungen in der Spiroergometrie},
	author = {Rühle, K. H. and Westhoff, M. and Meyer, F. J. and Kroidl, R. and Trötschler, H.},
	url = {http://www.ag-spiroergometrie.de/uploads/media/Plausibilit%C3%A4tCPXKorrekturen.pdf},
	note = {zuletzt abgerufen am 25.05.2018}
}

@article{Zagatto.2012,
 author = {Zagatto, A. M. and Miyagi, W. E. and Sakugawa, R. L. and Kaminagakura, E. I. and Papoti, M.},
 year = {2012},
 title = {Aerobic endurance measurement by respiratory exchange ratio during a cycle ergometer graded exercise test},
 pages = {49--57},
 volume = {15},
 number = {5},
 journal = {Journal of Exercise Physiology Online}
}

@book{DeMarees.1981,
author = {DeMarees, H. and Mester, J.},
title = {Sportphysiologie},
year = {1981},
address = {Köln},
publisher = {{Sportverlag Strauß}}
}

@book{Rassow.2008,
author = {Rassow, J. and Hauser, K. and Netzker, K. and Deutzmann, R.},
title = {Duale Reihe: Biochemie},
year = {2008},
address = {Stuttgart},
publisher = {{Georg Thieme Verlag}},
pages = {90--92}
}

@book{Klinke.2003,
author = {Klinke, R. and Silbernagl, S.},
title = {Lehrbuch der Physiologie},
year = {2003},
address = {Stuttgart},
publisher = {{Georg Thieme Verlag}},
pages = {521}
}

@article{Heck.1985,
author = {Hollmann, W. and Mader, A. and Heck, H. and Liesen, H. and Olbrecht, J.},
title = {Laktatdiagnostik. Die Entwicklung und praktische Bedeutung in der Sportmedizin und klinischen Leistungsdiagnostik},
year = {1985},
journal = {Medizintechnik},
volume = {105},
number = {5},
pages = {154--162}
}

@article{Boening.2008,
author = {Böning, D. and Maassen, N.},
title = {Milchsäure und Säure-Base-Gleichgewicht},
year = {2008},
journal = {Deutsche Zeitschrift für Sportmedizin},
volume = {59},
number = {12},
pages = {287--291},
}

@article{Skinner.1980,
author = {Skinner, J. S. and McLellan, T. H.},
title = {The Transition from Aerobic to Anaerobic Metabolism},
year = {1980},
journal = {Research Quarterly for Exercise and Sport},
volume = {51},
number = {1},
pages = {234--248},
}

@article{Heck.2006,
author = {Heck, H.},
title = {Muskulärer Energiestoffwechsel und sportliche Aktivität},
year = {2006},
journal = {Blickpunkt DER MANN - Wissenschaftliches Journal für Männergesundheit},
volume = {4},
number = {4},
pages = {23--28},
}

@book{Wasserman.2012,
author = {Wasserman, K. and Hansen, J. E. and Sue, D. Y. and Stringer, W. W. and Sietsema, K. E. and Sun, X. G. and Whipp, B. J.},
title = {Principles of Exercise Testing and Interpretation},
year = {2012},
address = {Philadelphia},
publisher = {Lippincott Williams \& Wilkins}
}

@article{Beaver.1986,
author = {Beaver, W. L. and Wasserman, K. and Whipp, B. J.},
title = {A new method for detecting anaerobic threshold by gas exchange},
year = {1986},
journal = {Journal of Applied Physiology},
volume = {60},
number = {6},
pages = {2020--2027}
}

@article{Diefenthaeler.2017,
author = {Diefenthaeler, F. and Sakugawa, R. L. and Dellagrana, R. A. and Follmer, B. and Lemos, E. C. and de Campos, W.},
title = {Is respiratory exchange ratio an alternative to estimate anaerobic theshold in trained runners},
year = {2017},
journal = {Revista Brasileira de Cineantropometria \& Desempenho Humano},
volume = {19},
number = {1}
}

@article{Meyer.2005,
author = {Meyer, T. and Lucia, A. and Earnest, C. P. and Kindermann, W.},
title = {A Conceptual Framework for Performance Diagnosis and Training Prescription from Submaximal Gas Exchange Parameter - Theory and Application},
year = {2005},
journal = {International Journal of Sports Medicine},
volume = {26},
pages = {38--48}
}

@article{Koch.2009,
author = {Koch, B. and Schäper, C. and Ittermann, T. and Spielhagen, T. and Dörr, M. and Völzke, H. and Opitz, F. and Ewert, R. and Gläser, S.},
title = {Reference values for cardiopulmonary exercise testing in healthy volunteers: the SHIP study},
year = {2009},
journal = {European Respiratory Journal},
volume = {33},
pages = {389--397}
}

@misc{Moosburger.1995,
author = {Moosburger, Dr. K. A.},
title = {Die muskuläre Energiebereitstellung im Sport},
year = {1995},
url = {http://www.dr-moosburger.at/pub/pub023.pdf},
note = {zuletzt abgerufen am 02.04.2018}
}


@misc{DSSV.2018,
author = {e.V. DSSV},
title = {2018 - Eckdaten der deutschen Fitness-Wirtschaft},
year = {2018}
}

@article{Trappe.2000,
author = {Trappe, H.-J. and Löllgen, H.},
title = {Leitlinien zur Ergometrie},
year = {2000},
journal = {Zeitschrift für Kardiologie},
volume = {89},
pages = {821--837}
}

@article{Marino.2001,
author = {Marino, F. E. and Mbambo, Z. and Kortekaas, E. and Wilson, G. and Lambert, M. I. and Noakes, T. D. and Dennis, S. C.},
title = {Influence of ambient temperature on plasma ammonia and lactate accumulation during prolonged submaximal and self-paced running},
year = {2001},
journal = {European Journal of Applied Physiology},
volume = {86},
pages = {71--78}
}

@article{Ivy.1981,
author = {Ivy, J. L. and Costill, D. L. and Van Handel, P. J. and Essig, D. A. and Lower, R. W.},
title = {Alteration in the lactate threshold with changes in substrate availability},
year = {1981},
journal = {International Journal of Sports Medicine},
volume = {2},
pages = {139--142}
}

@article{Wonisch.2008,
author = {Wonisch, M. and Berent, R. and Klicpera, M. and Laimer, H. and Marko, C. and Pokan, R. and Schmid, P. and Schwann, H.},
title = {Praxisleitlinien Ergometrie},
year = {2008},
volume = {15},
journal = {Austrian Journal of Cardiology},
pages = {3--17}
}

@article{Finger.2013,
author = {Finger, J. D. and Gößwald, A. and Härtel, S. and Müters, S. and Krug, S. and Hölling, H. and Kuhnert, R. and Bös, K.},
title = {Messung der kardiorespiratorischen Fitness in der Studie zur Gesundheit Erwachsener in Deutschland (DEGS1)},
year = {2013},
journal = {Bundesgesundheitsblatt - Gesundheitsforschung - Gesundheitsschutz},
volume = {56},
number = {5--6},
pages = {885--893}
}

@book{Hollmann.2006,
author = {Hollmann, W. and Strüder, H. K. and Tagarakis, C. V.},
title = {Spiroergometrie - kardiopulmonale Leistungsdiagnostik des Gesunden und Kranken},
year = {2006},
address = {Stuttgart},
publisher = {Schattauer Verlag}
}

@article{Loe.2014,
author = {Loe, H. and Steinshamn, S. and Wisl\o{}ff, U.},
title = {Cardio-Respiratory Reference Data in 4631 Healthy Men and Women 20-90 Years: The HUNT 3 Fitness Study},
year = {2014},
journal = {PLoS One},
volume = {9},
number = {11}
}

